<?xml version="1.0" encoding="UTF-8"?><collection xmlns="http://www.loc.gov/MARC21/slim"><record><leader>00541nam--2200145-i-4500</leader><controlfield tag="001">000010156</controlfield><controlfield tag="002">20161230</controlfield><controlfield tag="005">20170107163727</controlfield><controlfield tag="008">060222s1000------------r-----000-0-eng-d</controlfield><datafield ind1=" " ind2=" " tag="100"><subfield code="a">Bogn©Łr, G</subfield></datafield><datafield ind1=" " ind2=" " tag="245"><subfield code="a">Proceedings of the Fourth Colloquium on Microwave communication. Budapest, 21-24 April 1970 organized by the Section of Technical Sciences Hungarian Academy of Sciences, the Scientific Society for Telecommunication</subfield></datafield><datafield ind1=" " ind2=" " tag="260"><subfield code="a">Budapest</subfield><subfield code="b">Akad©♭miai Kiad©đ</subfield><subfield code="c">1970</subfield></datafield><datafield ind1=" " ind2=" " tag="300"><subfield code="a">Pag.Dif</subfield></datafield><datafield ind1=" " ind2=" " tag="852"><subfield code="a">36680</subfield></datafield><datafield ind1=" " ind2=" " tag="CAT"><subfield code="a">SYS</subfield><subfield code="c">20170107</subfield><subfield code="h">163727</subfield></datafield></record></collection>